<?xml version="1.0" encoding="UTF-8"?>
<record type="Authority" xmlns="http://www.loc.gov/MARC21/slim">
  <leader>00000xz  a2200000n  4500</leader>
  <controlfield tag="001">REAL000011</controlfield>
  <controlfield tag="003">NoOU</controlfield>
  <controlfield tag="005">20160623145459.0</controlfield>
  <controlfield tag="008">140825|||anz|nbabn          |a|ana|||| d</controlfield>
  <datafield ind1="7" ind2=" " tag="024">
    <subfield code="a">http://data.ub.uio.no/realfagstermer/c000011</subfield>
    <subfield code="2">uri</subfield>
  </datafield>
  <datafield ind1=" " ind2=" " tag="040">
    <subfield code="a">NoOU</subfield>
    <subfield code="b">nob</subfield>
    <subfield code="f">noubomn</subfield>
  </datafield>
  <datafield ind1=" " ind2=" " tag="150">
    <subfield code="a">Mugg</subfield>
  </datafield>
  <datafield ind1=" " ind2="7" tag="750">
    <subfield code="a">Muggsopp</subfield>
    <subfield code="4">=EQ</subfield>
    <subfield code="0">(No-TrBIB)HUME08221</subfield>
    <subfield code="2">humord</subfield>
  </datafield>
  <datafield ind1=" " ind2="7" tag="750">
    <subfield code="4">http://www.w3.org/2004/02/skos/core#exactMatch</subfield>
    <subfield code="0">http://www.wikidata.org/entity/Q159341</subfield>
    <subfield code="0">http://dbpedia.org/page/Mold</subfield>
  </datafield>
  <datafield ind1=" " ind2="0" tag="750">
    <subfield code="a">Molds (Fungi)</subfield>
    <subfield code="0">sh85086566</subfield>
  </datafield>
</record>
